<collection xmlns="http://www.loc.gov/MARC21/slim">
<record>
  <leader>00899nam0a22001811i 450 </leader>
  <controlfield tag="001">IT\ICCU\CNCE\026496</controlfield>
  <controlfield tag="005">20100226000000.0</controlfield>
  <datafield tag="012" ind1=" " ind2=" ">
    <subfield code="a">lar, e.e, e;o, e;o, (C) 1581 (A)</subfield>
    <subfield code="2">fei</subfield>
  </datafield>
  <datafield tag="100" ind1=" " ind2=" ">
    <subfield code="a">19971017d1581        0itac0103    ba</subfield>
  </datafield>
  <datafield tag="101" ind1=" " ind2=" ">
    <subfield code="a">ITA</subfield>
  </datafield>
  <datafield tag="102" ind1=" " ind2=" ">
    <subfield code="a">IT</subfield>
  </datafield>
  <datafield tag="200" ind1="1" ind2=" ">
    <subfield code="a">Giardinetto onestissimo d&apos;amore, doue si contiene quella bella canzone Vdito ho vna Donzella, con le risposte &amp; Se la mia cara speme. Se vuol ch&apos;io v&apos;ami ognora, &amp;c. Vna bellissima ballata. Vn&apos; \!! artifitioso capitolo. Vna serenata, con la partenza. Alcune villanelle. &amp; dieci canzone bellissime da cantare, alla siciliana. Tutte cose da honesti, e gentili spiriti</subfield>
  </datafield>
  <datafield tag="210" ind1=" " ind2=" ">
    <subfield code="a">In Siena</subfield>
    <subfield code="c">Alla Loggia del Papa</subfield>
    <subfield code="d">1581</subfield>
  </datafield>
  <datafield tag="215" ind1=" " ind2=" ">
    <subfield code="a">\8! c.</subfield>
    <subfield code="d">8ʻ</subfield>
  </datafield>
  <datafield tag="620" ind1=" " ind2=" ">
    <subfield code="a">IT</subfield>
    <subfield code="d">Siena</subfield>
  </datafield>
  <datafield tag="712" ind1="0" ind2="2">
    <subfield code="a">℗alla ℗Loggia del papa</subfield>
    <subfield code="3">IT\ICCU\CNCT\001698</subfield>
    <subfield code="4">650</subfield>
  </datafield>
  <datafield tag="801" ind1=" " ind2="3">
    <subfield code="a">IT</subfield>
    <subfield code="b">ICCU</subfield>
    <subfield code="c">20201114</subfield>
  </datafield>
  <datafield tag="899" ind1=" " ind2=" ">
    <subfield code="a">Biblioteca universitaria Alessandrina. Roma</subfield>
    <subfield code="1">RM0280</subfield>
    <subfield code="2">RML 01</subfield>
  </datafield>
</record>
</collection>
